@article{luckenbaugh2012,
  title     = {Family history of alcohol dependence and antidepressant response to an N-methyl-D-aspartate antagonist in bipolar depression.},
  author    = {Luckenbaugh, David A. and Ibrahim, Lobna and Brutsche, Nancy and Franco-Chaves, Jose and Mathews, Daniel and Marquardt, Craig A. and Cassarly, Christy and Zarate, Carlos A., Jr.},
  journal   = {Bipolar Disorders},
  volume    = {14},
  number    = {8},
  pages     = {880--887},
  year      = {2012},
  month     = dec,
  doi       = {10.1111/bdi.12003},
  pmid      = {22978511},
  note      = {Epub 2012 Sep 14.},
}

@article{permoda-osip2014,
  title     = {[Factors connected with efficacy of single ketamine infusion in bipolar depression].},
  author    = {Permoda-Osip, Agnieszka and Skibińska, Maria and Bartkowska-Śniatkowska, Alicja and Kliwicki, Sebastian and Chłopocka-Woźniak, Maria and Rybakowski, Janusz K.},
  journal   = {Psychiatria Polska},
  volume    = {48},
  number    = {1},
  pages     = {35--47},
  year      = {2014},
  language  = {Polish},
  pmid      = {24946433},
  note      = {In Polish, with English abstract.},
}

@article{phelps2009,
  title     = {Family History of Alcohol Dependence and Initial Antidepressant Response to an N-methyl-D-aspartate Antagonist},
  author    = {Phelps, Laura E. and Brutsche, Nancy and Moral, Jazmin R. and Luckenbaugh, David A. and Manji, Husseini K. and Zarate, Carlos A.},
  journal   = {Biological Psychiatry},
  volume    = {65},
  number    = {2},
  pages     = {181--184},
  year      = {2009},
  doi       = {10.1016/j.biopsych.2008.09.029},
  url       = {https://www.sciencedirect.com/science/article/pii/S0006322308011694},
  abstract  = {Background: A high rate of comorbidity exists between mood disorders and alcohol dependence...},
  keywords  = {Alcohol dependence, depression, family history, glutamate, ketamine, NMDA receptor},
}

@article{dellink2025,
  title     = {Inflammatory markers associated with electroconvulsive therapy response in patients with depression: A meta-analysis},
  author    = {Dellink, Annelies and Vanderhaegen, Gertjan and Coppens, Violette and Ryan, Karen M. and McLoughlin, Declan M. and Kruse, Jennifer and van Exel, Eric and van Diermen, Linda and Belge, Jean-Baptiste and Aarsland, Tore Ivar Malmei and Morrens, Manuel},
  journal   = {Neuroscience \& Biobehavioral Reviews},
  volume    = {170},
  pages     = {106060},
  year      = {2025},
  doi       = {10.1016/j.neubiorev.2025.106060},
  url       = {https://www.sciencedirect.com/science/article/pii/S0149763425000600},
  abstract  = {Electroconvulsive therapy (ECT) is an effective intervention for severe unipolar and bipolar depression...},
  keywords  = {Electroconvulsive therapy, Inflammation, Biomarkers, Kynurenine pathway},
}

@article{siegel2024,
  title     = {Enrichment using speech latencies improves treatment effect size in a clinical trial of bipolar depression},
  author    = {Siegel, Joshua S. and Cohen, Alex S. and Szabo, Steven T. and Tomioka, Sasagu and Opler, Mark and Kirkpatrick, Brian and Hopkins, Seth},
  journal   = {Psychiatry Research},
  volume    = {340},
  pages     = {116105},
  year      = {2024},
  doi       = {10.1016/j.psychres.2024.116105},
  url       = {https://www.sciencedirect.com/science/article/pii/S0165178124003901},
  abstract  = {Clinical trials in depression lack objective measures. Speech latencies are an objective measure...},
  keywords  = {Enrichment, Depression, Speech, Language, Latency, Biomarker, Digital phenotyping, Interview, Psychomotor},
}

@article{roelofs2021,
  title     = {Individual alpha frequency proximity associated with repetitive transcranial magnetic stimulation outcome: An independent replication study from the ICON-DB consortium},
  author    = {Roelofs, Charlotte L. and Krepel, Noralie and Corlier, Juliana and Carpenter, Linda L. and Fitzgerald, Paul B. and Daskalakis, Zafiris J. and Tendolkar, Indira and Wilson, Andrew and Downar, Jonathan and Bailey, Neil W. and Blumberger, Daniel M. and Vila-Rodriguez, Fidel and Leuchter, Andrew F. and Arns, Martijn},
  journal   = {Clinical Neurophysiology},
  volume    = {132},
  number    = {2},
  pages     = {643--649},
  year      = {2021},
  doi       = {10.1016/j.clinph.2020.10.017},
  url       = {https://www.sciencedirect.com/science/article/pii/S1388245720305320},
  keywords  = {Replication, Alpha frequency, EEG, rTMS, Arnold Tongue, Synchronization, ICON-DB},
  abstract  = {Objective: The aim of the current study was to attempt to replicate the finding that the individual alpha frequency (IAF)...},
}

@article{voetterl2023,
  title     = {{Brainmarker-I Differentially Predicts Remission to Various Attention-Deficit/Hyperactivity Disorder Treatments: A Discovery, Transfer, and Blinded Validation Study}},
  author    = {Voetterl, Helena and van Wingen, Guido and Michelini, Giorgia and Griffiths, Kristi R. and Gordon, Evian and DeBeus, Roger and Korgaonkar, Mayuresh S. and Loo, Sandra K. and Palmer, Donna and Breteler, Rien and Denys, Damiaan and Arnold, L. Eugene and du Jour, Paul and van Ruth, Rosalinde and Jansen, Jeanine and van Dijk, Hanneke and Arns, Martijn},
  journal   = {Biological Psychiatry: Cognitive Neuroscience and Neuroimaging},
  volume    = {8},
  number    = {1},
  pages     = {52--60},
  year      = {2023},
  doi       = {10.1016/j.bpsc.2022.02.007},
  url       = {https://www.sciencedirect.com/science/article/pii/S2451902222000465},
  keywords  = {ADHD, Biomarker, EEG, Stratified psychiatry},
  abstract  = {Background: Attention-deficit/hyperactivity disorder is characterized by neurobiological heterogeneity...},
}

@article{niciu2014,
  title     = {Clinical predictors of ketamine response in treatment-resistant major depression},
  author    = {Niciu, Mark J. and Luckenbaugh, David A. and Ionescu, Dawn F. and Guevara, Sara and Machado-Vieira, Rodrigo and Richards, Erica M. and Brutsche, Nancy E. and Nolan, Neal M. and Zarate, Carlos A., Jr.},
  journal   = {The Journal of Clinical Psychiatry},
  volume    = {75},
  number    = {5},
  pages     = {e417--e423},
  year      = {2014},
  month     = {May},
  doi       = {10.4088/JCP.13m08698},
  pmid      = {24922494},
  note      = {Epub ahead of print 2014. PMID: 24922494},
  abstract  = {OBJECTIVE: The N-methyl-D-aspartate receptor antagonist ketamine has rapid antidepressant effects...}
}

@article{corlier2019,
  title     = {The relationship between individual alpha peak frequency and clinical outcome with repetitive Transcranial Magnetic Stimulation ({rTMS}) treatment of Major Depressive Disorder ({MDD})},
  author    = {Corlier, Juliana and Carpenter, Linda L. and Wilson, Andrew C. and Tirrell, Eric and Gobin, A. Polly and Kavanaugh, Brian and Leuchter, Andrew F.},
  journal   = {Brain Stimulation: Basic, Translational, and Clinical Research in Neuromodulation},
  volume    = {12},
  number    = {6},
  pages     = {1572--1578},
  year      = {2019},
  month     = nov,
  doi       = {10.1016/j.brs.2019.07.018},
  url       = {https://doi.org/10.1016/j.brs.2019.07.018},
}